 	
@article{ATLAS,
  author={The ATLAS Collaboration},
  title={The ATLAS Experiment at the CERN Large Hadron Collider},
  journal={Journal of Instrumentation},
  volume={3},
  number={08},
  pages={S08003},
  url={http://stacks.iop.org/1748-0221/3/i=08/a=S08003},
  year={2008}
}
	


%Large review of ATLAS
%Source of ATLAS diagram
%Explanations of detector subsystems
@article{ATLASReview,
      author         = "Aad, G. and others",
      title          = "{The ATLAS Experiment at the CERN Large Hadron Collider}",
      collaboration  = "ATLAS",
      journal        = "JINST",
      volume         = "3",
      year           = "2008",
      pages          = "S08003",
      doi            = "10.1088/1748-0221/3/08/S08003",
      SLACcitation   = "%%CITATION = JINST,3,S08003;%%"
}

%Bethe-Bloch equation 1
@article{BetheBloch1,
   author = {{Bethe}, H.},
    title = "{Zur Theorie des Durchgangs schneller Korpuskularstrahlen durch Materie}",
  journal = {Annalen der Physik},
     year = 1930,
   volume = 397,
    pages = {325-400},
      doi = {10.1002/andp.19303970303},
   adsurl = {http://adsabs.harvard.edu/abs/1930AnP...397..325B},
  adsnote = {Provided by the SAO/NASA Astrophysics Data System}
}


%ATLAS Calorimetry; mentions lead argon detectors
@article{ATLASCalorimetry,
      author         = "Puzo, P.",
      title          = "{ATLAS calorimetry}",
      booktitle      = "{Proceedings, 8th International Conference on
                        Instrumentation for colliding beam physics (INSTR02):
                        Novosibirsk, Russia, February 28-March 6, 2002}",
      journal        = "Nucl. Instrum. Meth.",
      volume         = "A494",
      year           = "2002",
      pages          = "340-345",
      doi            = "10.1016/S0168-9002(02)01490-0",
      SLACcitation   = "%%CITATION = NUIMA,A494,340;%%"
}



%Bethe-Bloch equation 2
@article{BetheBloch2,
   author = {{Bloch}, F.},
    title = "{Bremsverm{\"o}gen von Atomen mit mehreren Elektronen}",
  journal = {Zeitschrift fur Physik},
     year = 1933,
    month = may,
   volume = 81,
    pages = {363-376},
      doi = {10.1007/BF01344553},
   adsurl = {http://adsabs.harvard.edu/abs/1933ZPhy...81..363B},
  adsnote = {Provided by the SAO/NASA Astrophysics Data System}
}

@article{RPP,
      author         = "Olive, K. A. and others",
      title          = "{Review of Particle Physics}",
      collaboration  = "Particle Data Group",
      journal        = "Chin. Phys.",
      volume         = "C38",
      year           = "2014",
      pages          = "090001",
      doi            = "10.1088/1674-1137/38/9/090001",
      SLACcitation   = "%%CITATION = CHPHD,C38,090001;%%"
}

%Bremmstrahlung equations, probability of photon pair production
@book{ParticleDetectorsTextbook,
  title={Particle Detectors},
  author={Grupen, C. and Shwartz, B.},
  isbn={9781139469531},
  series={Cambridge Monographs on Particle Physics, Nuclear Physics and Cosmology},
  url={https://books.google.co.uk/books?id=XCPlJTu3GQkC},
  year={2008},
  publisher={Cambridge University Press}
}

@article{ExtraGaugeBosonsE6,
      author         = "London, David and Rosner, Jonathan L.",
      title          = "{Extra Gauge Bosons in E(6)}",
      journal        = "Phys. Rev.",
      volume         = "D34",
      year           = "1986",
      pages          = "1530",
      doi            = "10.1103/PhysRevD.34.1530",
      reportNumber   = "EFI-86-22",
      SLACcitation   = "%%CITATION = PHRVA,D34,1530;%%"
}

%eta definition
@article{ATLASDileptonSearch,
      author         = "Aad, Georges and others",
      title          = "{Search for high-mass dilepton resonances in pp
                        collisions at $\sqrt{s}=8$  TeV with the ATLAS
                        detector}",
      collaboration  = "ATLAS",
      journal        = "Phys. Rev.",
      volume         = "D90",
      year           = "2014",
      number         = "5",
      pages          = "052005",
      doi            = "10.1103/PhysRevD.90.052005",
      eprint         = "1405.4123",
      archivePrefix  = "arXiv",
      primaryClass   = "hep-ex",
      reportNumber   = "CERN-PH-EP-2014-053",
      SLACcitation   = "%%CITATION = ARXIV:1405.4123;%%"
}

%source of detector cross section diagram
@article {PhysicsRequirementsATLAS,
	author = {Virdee, T. S.},
	title = {Physics requirements for the design of the ATLAS and CMS experiments at the Large Hadron Collider},
	volume = {370},
	number = {1961},
	pages = {876--891},
	year = {2012},
	doi = {10.1098/rsta.2011.0459},
	publisher = {The Royal Society},
	issn = {1364-503X},
	URL = {http://rsta.royalsocietypublishing.org/content/370/1961/876},
	eprint = {http://rsta.royalsocietypublishing.org/content/370/1961/876.full.pdf},
	journal = {Philosophical Transactions of the Royal Society of London A: Mathematical, Physical and Engineering Sciences}
}

%Bremmstrahlun, critical energy (E_c) equation
@book{DetectorsForParticleRadiation,
  title={Detectors for Particle Radiation},
  author={Kleinknecht, K.},
  isbn={9780521648547},
  lccn={98020893},
  url={https://books.google.co.uk/books?id=RI05DW7rtmMC},
  year={1998},
  publisher={Cambridge University Press}
}

%Drell-Yan Review
@article{DrellYanReview,
  author={I R Kenyon},
  title={The Drell-Yan process},
  journal={Reports on Progress in Physics},
  volume={45},
  number={11},
  pages={1261},
  url={http://stacks.iop.org/0034-4885/45/i=11/a=002},
  year={1982},
}

%Z and Z' are mass eigenstates of Z1 and Z2
@book{ColliderPhysics,
  title={Collider Physics},
  author={Barger, V. and Phillips, R.},
  isbn={9780201149456},
  lccn={96039421},
  series={Frontiers in physics},
  url={https://books.google.co.uk/books?id=k-iBmqBk6y4C},
  year={1997},
  publisher={Addison-Wesley Publishing Company}
}

%pion causing em showers (p443, at bottom) 
%particle identification
@book{CalorimetryWigmans,
  title={Calorimetry: Energy Measurement in Particle Physics},
  author={Wigmans, R.},
  isbn={9780198502968},
  lccn={00061149},
  series={International series of monographs on physics},
  url={https://books.google.co.uk/books?id=vD9RFluMD5sC},
  year={2000},
  publisher={Clarendon Press}
}

%Talking about presampler; the material in front of the EMC amounts to around 1.5X_0 on average-> require presampler
@article{EMCParticleIdentification,
title = "Particle identification with the \{ATLAS\} electromagnetic calorimeter ",
journal = "Nuclear Instruments and Methods in Physics Research Section A: Accelerators, Spectrometers, Detectors and Associated Equipment ",
volume = "563",
number = "2",
pages = "321 - 325",
year = "2006",
note = "\{TRDs\} for the Third MilleniumProceedings of the 3rd Workshop on Advanced Transition Radiation Detectors for Accelerators and Space Applications3rd Workshop on Advanced Transition Detectors for Accelerators and Space Applications ",
issn = "0168-9002",
doi = "http://dx.doi.org/10.1016/j.nima.2006.02.151",
url = "http://www.sciencedirect.com/science/article/pii/S0168900206004463",
author = "Sylvain Tisserant",
keywords = "Calorimeter",
keywords = "Particle physics. "
}

@ARTICLE{ATLASPixelDetector,
   author = {{Hugging}, F.},
    title = "{The ATLAS Pixel Detector}",
  journal = {IEEE Transactions on Nuclear Science},
   eprint = {physics/0412138},
     year = 2006,
    month = jun,
   volume = 53,
    pages = {1732-1736},
      doi = {10.1109/TNS.2006.871506},
   adsurl = {http://adsabs.harvard.edu/abs/2006ITNS...53.1732H},
  adsnote = {Provided by the SAO/NASA Astrophysics Data System}
}

%Defining loose, medium and tight selection criteria
@article{ElectronID,
      author         = "Aad, Georges and others",
      title          = "{Electron reconstruction and identification efficiency
                        measurements with the ATLAS detector using the 2011 LHC
                        proton-proton collision data}",
      collaboration  = "ATLAS",
      journal        = "Eur. Phys. J.",
      volume         = "C74",
      year           = "2014",
      number         = "7",
      pages          = "2941",
      doi            = "10.1140/epjc/s10052-014-2941-0",
      eprint         = "1404.2240",
      archivePrefix  = "arXiv",
      primaryClass   = "hep-ex",
      reportNumber   = "CERN-PH-EP-2014-040",
      SLACcitation   = "%%CITATION = ARXIV:1404.2240;%%"
}

%Defining the optimal cut for E_t
@ARTICLE{NeymanPearsonLemma,
   author = {{Neyman}, J. and {Pearson}, E.~S.},
    title = "{On the Problem of the Most Efficient Tests of Statistical Hypotheses}",
  journal = {Philosophical Transactions of the Royal Society of London Series A},
     year = 1933,
   volume = 231,
    pages = {289-337},
      doi = {10.1098/rsta.1933.0009},
   adsurl = {http://adsabs.harvard.edu/abs/1933RSPTA.231..289N},
  adsnote = {Provided by the SAO/NASA Astrophysics Data System}
}



%=======================================================================

%Defines barrel, endcap zone, etc
%http://www.nikhef.nl/pub/experiments/atlas/daq/Dankers/chapter_02.pdf


%Glen Cowan, explicitly show Asimov significance test
@inproceedings{Cowan:2013pha,
      author         = "Cowan, Glen",
      title          = "{Statistics for Searches at the LHC}",
      booktitle      = "{Proceedings, 69th Scottish Universities Summer School in
                        Physics : LHC Phenomenology (SUSSP69): St.Andrews,
                        Scotland, August 19-September 1, 2012}",
      url            = "https://inspirehep.net/record/1242009/files/arXiv:1307.2487.pdf",
      year           = "2013",
      pages          = "321-355",
      doi            = "10.1007/978-3-319-05362-2_9",
      eprint         = "1307.2487",
      archivePrefix  = "arXiv",
      primaryClass   = "hep-ex",
      SLACcitation   = "%%CITATION = ARXIV:1307.2487;%%"
}

%Glen Cowan, Asimov Method as a means of testing sensitivity
%p.26
@article{Cowan:2010js,
      author         = "Cowan, Glen and Cranmer, Kyle and Gross, Eilam and
                        Vitells, Ofer",
      title          = "{Asymptotic formulae for likelihood-based tests of new physics}",
      journal        = "Eur. Phys. J.",
      volume         = "C71",
      year           = "2011",
      pages          = "1554",
      doi            = "10.1140/epjc/s10052-011-1554-0,
                        10.1140/epjc/s10052-013-2501-z",
      note           = "[Erratum: Eur. Phys. J.C73,2501(2013)]",
      eprint         = "1007.1727",
      archivePrefix  = "arXiv",
      primaryClass   = "physics.data-an",
      SLACcitation   = "%%CITATION = ARXIV:1007.1727;%%"
}

%Asimov Significance test first introduced
%Discovery signifcance with statistical uncertainty in the background estimate
%https://www.pp.rhul.ac.uk/~cowan/stat/notes/SigCalcNote.pdf

%Defining Loose,Medium and tight selection criteria 
@article{ElectronPerformanceMeasurements,
      author         = "Aad, Georges and others",
      title          = "{Electron performance measurements with the ATLAS detector using the 2010 LHC proton-proton collision data}",
      collaboration  = "ATLAS",
      journal        = "Eur. Phys. J.",
      volume         = "C72",
      year           = "2012",
      pages          = "1909",
      doi            = "10.1140/epjc/s10052-012-1909-1",
      eprint         = "1110.3174",
      archivePrefix  = "arXiv",
      primaryClass   = "hep-ex",
      reportNumber   = "CERN-PH-EP-2011-117",
      SLACcitation   = "%%CITATION = ARXIV:1110.3174;%%"
}


@article{ROOT,
      author         = "Brun, R. and Rademakers, F.",
      title          = "{ROOT: An object oriented data analysis framework}",
      booktitle      = "{New computing techniques in physics research V.
                        Proceedings, 5th International Workshop, AIHENP '96,
                        Lausanne, Switzerland, September 2-6, 1996}",
      journal        = "Nucl. Instrum. Meth.",
      volume         = "A389",
      year           = "1997",
      pages          = "81-86",
      doi            = "10.1016/S0168-9002(97)00048-X",
      SLACcitation   = "%%CITATION = NUIMA,A389,81;%%"
}

@article{expectedElectronPerformance,
      title          = "{Expected electron performance in the ATLAS experiment}",
      collaboration  = "ATLAS",
      year           = "2011",
      reportNumber   = "ATL-PHYS-PUB-2011-006, ATL-COM-PHYS-2010-990",
      SLACcitation   = "%%CITATION = ATL-PHYS-PUB-2011-006;%%"
}

@article{Minuit,
      author         = "James, F.",
      title          = "{MINUIT Function Minimization and Error Analysis: 
                        Reference Manual Version 94.1}",
      year           = "1994",
      reportNumber   = "CERN-D-506, CERN-D506",
      SLACcitation   = "%%CITATION = CERN-D-506;%%"
}

@article{ATLASMuonSpectrometer,
      author         = "Palestini, S.",
      title          = "{The muon spectrometer of the ATLAS experiment}",
      booktitle      = "{Innovative particle and radiation detectors.
                        Proceedings, 8th Topical Seminar, Siena, Italy, October
                        21-24, 2002}",
      journal        = "Nucl. Phys. Proc. Suppl.",
      volume         = "125",
      year           = "2003",
      pages          = "337-345",
      doi            = "10.1016/S0920-5632(03)91013-9",
      note           = "[,337(2003)]",
      SLACcitation   = "%%CITATION = NUPHZ,125,337;%%"
}

%contains equation for the resolution of the detector as a function of energy
@article{ATLASResolutionEquation,
      author         = "Colas, J. and others",
      title          = "{Response Uniformity of the ATLAS Liquid Argon
                        Electromagnetic Calorimeter}",
      journal        = "Nucl. Instrum. Meth.",
      volume         = "A582",
      year           = "2007",
      pages          = "429-455",
      doi            = "10.1016/j.nima.2007.08.157",
      eprint         = "0709.1094",
      archivePrefix  = "arXiv",
      primaryClass   = "physics.ins-det",
      SLACcitation   = "%%CITATION = ARXIV:0709.1094;%%"
}

%Bin width searches at ~0.06
@article{DiphotonResonances,
      author         = "Aaboud, Morad and others",
      title          = "{Search for resonances in diphoton events at
                        $\sqrt{s}$=13 TeV with the ATLAS detector}",
      collaboration  = "ATLAS",
      journal        = "JHEP",
      volume         = "09",
      year           = "2016",
      pages          = "001",
      doi            = "10.1007/JHEP09(2016)001",
      eprint         = "1606.03833",
      archivePrefix  = "arXiv",
      primaryClass   = "hep-ex",
      reportNumber   = "CERN-EP-2016-120",
      SLACcitation   = "%%CITATION = ARXIV:1606.03833;%%"
}

@article{CMSDileptonSearch,
      author         = "Khachatryan, Vardan and others",
      title          = "{Search for physics beyond the standard model in dilepton mass spectra in proton-proton collisions at $ \sqrt{s}=8 $
                        TeV}",
      collaboration  = "CMS",
      journal        = "JHEP",
      volume         = "04",
      year           = "2015",
      pages          = "025",
      doi            = "10.1007/JHEP04(2015)025",
      eprint         = "1412.6302",
      archivePrefix  = "arXiv",
      primaryClass   = "hep-ex",
      reportNumber   = "CMS-EXO-12-061, CERN-PH-EP-2014-272",
      SLACcitation   = "%%CITATION = ARXIV:1412.6302;%%"
}
%Defining Forwards backwards asymmetry
@article{ForwardsBackwardsAsymmetry,
      author         = "The ATLAS collaboration",
      title          = "{Measurement of the forward-backward asymmetry of
                        $Z/\gamma^{*}$ bosons decaying into electron and muon
                        pairs with the ATLAS detector at $\sqrt{s}=7$ TeV}",
      collaboration  = "ATLAS",
      year           = "2013",
      reportNumber   = "ATLAS-CONF-2013-043",
      SLACcitation   = "%%CITATION = ATLAS-CONF-2013-043;%%"
}

%Collins-Soper Formalism
@article{CollinsSoper,
  title = {Angular distribution of dileptons in high-energy hadron collisions},
  author = {Collins, John C. and Soper, Davison E.},
  journal = {Phys. Rev. D},
  volume = {16},
  issue = {7},
  pages = {2219--2225},
  numpages = {0},
  year = {1977},
  month = {Oct},
  publisher = {American Physical Society},
  doi = {10.1103/PhysRevD.16.2219},
  url = {http://link.aps.org/doi/10.1103/PhysRevD.16.2219}
}

%2016 Results for Z' search; Z' 1.9TeV 95% confidence level
@article{ATLAS2016ZPrime,
      author         = "The ATLAS collaboration",
      title          = "{Search for new high-mass resonances in the dilepton
                        final state using proton-proton collisions at $\sqrt{s}$ =
                        13 TeV with the ATLAS detector}",
      collaboration  = "ATLAS",
      year           = "2016",
      reportNumber   = "ATLAS-CONF-2016-045",
      SLACcitation   = "%%CITATION = ATLAS-CONF-2016-045;%%"
}


%ATLAS; diagram for ECAL
@inproceedings{ATLASLAR,
      author         = "Nikiforou, Nikiforos",
      title          = "{Performance of the ATLAS Liquid Argon Calorimeter after
                        three years of LHC operation and plans for a future
                        upgrade}",
      booktitle      = "{Proceedings, 3rd International Conference on
                        Advancements in Nuclear Instrumentation Measurement
                        Methods and their Applications (ANIMMA 2013): Marseille,
                        France, June 23-27, 2013}",
      collaboration  = "ATLAS",
      year           = "2013",
      url            = "https://inspirehep.net/record/1240499/files/arXiv:1306.6756.pdf",
      doi            = "10.1109/ANIMMA.2013.6728060",
      eprint         = "1306.6756",
      archivePrefix  = "arXiv",
      primaryClass   = "physics.ins-det",
      SLACcitation   = "%%CITATION = ARXIV:1306.6756;%%"
}

%Optimum resolution
@article{ATLASCH10,
      author         = "Aad, G. and others",
      title          = "{The ATLAS Experiment at the CERN Large Hadron Collider}",
      collaboration  = "ATLAS",
      journal        = "JINST",
      volume         = "3",
      year           = "2008",
      pages          = "S08003",
      doi            = "10.1088/1748-0221/3/08/S08003",
      SLACcitation   = "%%CITATION = JINST,3,S08003;%%"
}

%explanation of oplus, resolution terms etc
@article{PDGDetectors,
      author         = "Nakamura, K. and others",
      title          = "{Review of particle physics}",
      collaboration  = "Particle Data Group",
      journal        = "J. Phys.",
      volume         = "G37",
      year           = "2010",
      pages          = "075021",
      doi            = "10.1088/0954-3899/37/7A/075021",
      reportNumber   = "FERMILAB-PUB-10-665-PPD",
      SLACcitation   = "%%CITATION = JPAGA,G37,075021;%%"
}
%Resolution of LAR detector
@proceedings{ATLASLARRes,
      editor         = "Diehl, Markus and Haller, Johannes and Schorner-Sadenius,
                        Thomas and Steinbruck, Georg",
      title          = "{Physics at the LHC2010. Proceedings, 5th Conference,
                        PLHC2010, Hamburg, Germany, June 7-12, 2010}",
      url            = "http://www-spires.fnal.gov/spires/find/books/www?cl=QC787.P7C55::2010",
      year           = "2010",
      reportNumber   = "DESY-PROC-2010-01",
      SLACcitation   = "%%CITATION = DESY-PROC-2010-01;%%"
}
